@Article{BEAMAN2021102490,
	title = {Ransomware: Recent Advances, Analysis, Challenges and Future Research Directions},
	journal = {Computers like\& Security},
	pages = {102490},
	year = {2021},
	doi = {https://doi.org/10.1016/j.cose.2021.102490},
	url = {https://www.sciencedirect.com/science/article/pii/S016740482100314X},
	author = {Craig Beaman and Ashley Barkworth and Toluwalope David Akande and Saqib Hakak and Muhammad Khurram Khan}
}
 @article{elnaqa_murphy_2015, 
 	title={What is machine learning?}, 
 	doi={10.1007/978-3-319-18305-3_1}, 
 	journal={Machine Learning in Radiation Oncology}, 
 	author={El Naqa, Issam and Murphy, Martin J.}, 
 	year={2015}, 
 	pages={3â€“11}
 } 
@INPROCEEDINGS{6298824,  
	author={Sahs, Justin and Khan, Latifur},  
	booktitle={2012 European Intelligence and Security Informatics Conference},   
	title={A Machine Learning Approach to Android Malware Detection},   
	year={2012}, 
	pages={141-147},  
	doi={10.1109/EISIC.2012.34}
}
@article{ERFANI2016121,
	title = {High-dimensional and large-scale anomaly detection using a linear one-class SVM with deep learning},
	journal = {Pattern Recognition},
	volume = {58},
	pages = {121-134},
	year = {2016},
	issn = {0031-3203},
	doi = {https://doi.org/10.1016/j.patcog.2016.03.028},
	url = {https://www.sciencedirect.com/science/article/pii/S0031320316300267},
	author = {Sarah M. Erfani and Sutharshan Rajasegarar and Shanika Karunasekera and Christopher Leckie},
}